<record><leader>00000cas a2200000 a 4500</leader><controlfield tag="001">433675508</controlfield><controlfield tag="006">m     o  d        </controlfield><controlfield tag="007">cr |||||||||||</controlfield><controlfield tag="008">830930c19829999ohuwr neo     0    0eng c</controlfield><datafield ind1=" " ind2=" " tag="010"><subfield code="a">  2013263061</subfield></datafield><datafield ind1=" " ind2=" " tag="040"><subfield code="a">CSO</subfield><subfield code="b">eng</subfield><subfield code="c">CSO</subfield><subfield code="d">OCLCQ</subfield><subfield code="d">TXA</subfield><subfield code="d">OCLCQ</subfield><subfield code="d">DLC</subfield><subfield code="d">TXA</subfield><subfield code="d">OCLCA</subfield></datafield><datafield ind1=" " ind2=" " tag="022"><subfield code="y">0045-4036</subfield><subfield code="l">0045-4036</subfield></datafield><datafield ind1="1" ind2=" " tag="029"><subfield code="a">NZ1</subfield><subfield code="b">13112863</subfield></datafield><datafield ind1="1" ind2=" " tag="029"><subfield code="a">AU@</subfield><subfield code="b">000044914903</subfield></datafield><datafield ind1="1" ind2=" " tag="029"><subfield code="a">AU@</subfield><subfield code="b">000045701597</subfield></datafield><datafield ind1="1" ind2=" " tag="029"><subfield code="a">AU@</subfield><subfield code="b">000050520132</subfield></datafield><datafield ind1="1" ind2=" " tag="029"><subfield code="a">NZ1</subfield><subfield code="b">14840273</subfield></datafield><datafield ind1=" " ind2=" " tag="037"><subfield code="b">Cleveland Post, 11800 Shaker Blvd. Cleveland Ohio 44120</subfield></datafield><datafield ind1=" " ind2=" " tag="042"><subfield code="a">pcc</subfield></datafield><datafield ind1=" " ind2=" " tag="043"><subfield code="a">n-us-oh</subfield></datafield><datafield ind1="1" ind2="4" tag="050"><subfield code="a">E185.93.O2</subfield><subfield code="b">C355</subfield></datafield><datafield ind1="0" ind2=" " tag="130"><subfield code="a">Call and post (Cleveland, Ohio : Cleveland ed.)</subfield></datafield><datafield ind1="0" ind2="0" tag="245"><subfield code="a">Call and post</subfield><subfield code="h">[electronic resource].</subfield></datafield><datafield ind1="1" ind2=" " tag="246"><subfield code="a">Call &amp; post</subfield></datafield><datafield ind1=" " ind2=" " tag="250"><subfield code="a">Cleveland ed.</subfield></datafield><datafield ind1=" " ind2=" " tag="260"><subfield code="a">Cleveland, Ohio :</subfield><subfield code="b">P.W. Publishing,</subfield><subfield code="c">1982-</subfield></datafield><datafield ind1=" " ind2=" " tag="310"><subfield code="a">Weekly</subfield></datafield><datafield ind1="1" ind2=" " tag="362"><subfield code="a">Began with: Vol. 67, no. 32 (Aug. 7, 1982).</subfield></datafield><datafield ind1="8" ind2=" " tag="521"><subfield code="a">"Ohio's Black Newspaper."</subfield></datafield><datafield ind1=" " ind2=" " tag="580"><subfield code="a">Issued also in Columbus, Ohio and Cincinnati, Ohio editions.</subfield></datafield><datafield ind1=" " ind2=" " tag="588"><subfield code="a">Description based on: Vol. 67, no. 32 (Aug. 7, 1982); title from digitized p. 1 banner (ProQuest, viewed Feb. 16, 2011).</subfield></datafield><datafield ind1=" " ind2=" " tag="588"><subfield code="a">Latest issue consulted: Vol. 76, no. 52 (Dec. 26, 1991) (ProQuest, viewed Feb. 16, 2011).</subfield></datafield><datafield ind1=" " ind2="0" tag="650"><subfield code="a">African Americans</subfield><subfield code="z">Ohio</subfield><subfield code="v">Newspapers.</subfield></datafield><datafield ind1=" " ind2="0" tag="651"><subfield code="a">Cleveland (Ohio)</subfield><subfield code="v">Newspapers.</subfield></datafield><datafield ind1=" " ind2="0" tag="651"><subfield code="a">Cuyahoga County (Ohio)</subfield><subfield code="v">Newspapers.</subfield></datafield><datafield ind1=" " ind2=" " tag="752"><subfield code="a">United States</subfield><subfield code="b">Ohio</subfield><subfield code="c">Cuyahoga</subfield><subfield code="d">Cleveland.</subfield></datafield><datafield ind1="1" ind2=" " tag="775"><subfield code="t">Call and post (Columbus, Ohio ed.)</subfield></datafield><datafield ind1="1" ind2=" " tag="775"><subfield code="t">Call and post (Cincinnati, Ohio ed.)</subfield></datafield><datafield ind1="0" ind2="8" tag="776"><subfield code="i">Print version:</subfield><subfield code="t">Call and post (Cleveland, Ohio : Cleveland ed.)</subfield><subfield code="x">0045-4036</subfield><subfield code="w">(DLC)sn 85042478</subfield><subfield code="w">(OCoLC)9964681</subfield></datafield><datafield ind1="0" ind2="0" tag="780"><subfield code="t">Call and post (Cleveland, Ohio : City ed.)</subfield><subfield code="w">(DLC)  2011263080</subfield><subfield code="w">(OCoLC)702140193</subfield></datafield><datafield ind1="4" ind2="0" tag="856"><subfield code="u">http://www.call-post.com/index.htm</subfield></datafield><datafield ind1="4" ind2="0" tag="856"><subfield code="u">http://proquest.umi.com/</subfield><subfield code="z">Available with the the ProQuest Historical Newspapers The Call and Post (1934-1991)</subfield></datafield></record>